% Encoding: UTF-8

@Misc{bookexample,
 title = {Фамилия И.О. Название книги. — Город издательства: <<Издательство>>, Год. — Количество страниц.}
}

@Misc{book1author,
 title = {МакГрат М. Программирование на С для начинающих / пер. с англ. Михаил Райтман. — М: <<Эксмо>>, 2016. — 193.}
}

@Misc{book5author,
  title = {Программирование на языке С++ в среде Qt Creator / Е.Р. Алексеев, Г.Г. Злобин, Д.А. и др. — М.: Альт Линукс, 2015. 448 с.}
}

@Misc{wikiRUBitbucket,
 title = {The GTK Project  [Электронный ресурс].\newline Режим доступа: 
     \href{https://www.gtk.org/}
           {https://www.gtk.org}.},
 urldate = {2024-04-09}
}

@Misc{wikiRUGitHub,
 title = {Github [Электронный ресурс] Википедия — свободная энцциклопедия. 
    \newline Режим доступа: \href{https://ru.wikipedia.org/wiki/GitHub}{https://ru.wikipedia.org/wiki/GitHub}.},
 urldate = {2023-06-18}
}

@Misc{wikiRUIdSoftware,
 title = {Id Software [Электронный ресурс] Википедия — свободная энцциклопедия.
     \newline Режим доступа: \href{https://ru.wikipedia.org/wiki/Id_Software}{https://ru.wikipedia.org/wiki/Id\_Software}.},
 urldate = {2024-04-09}
}

@Misc{HABR,
 title = {HABR [Электронный ресурс]
     \newline Режим доступа: \href{https://habr.com/ru/articles/135809/}{https://habr.com/ru/articles/135809/}.},
 urldate = {2024-04-09}
}

@Misc{Stack,
 title = {Stack Overflow [Электронный ресурс]
     \newline Режим доступа: \href{https://stackoverflow.com/}{https://stackoverflow.com/}.},
 urldate = {2024-04-09}
}


@Comment{jabref-meta: databaseType:biblatex;}
